@article{lewin2021sars,
  title={SARS-CoV-2 seroprevalence among blood donors in Qu{\'e}bec, and analysis of symptoms associated with seropositivity: a nested case-control study},
  author={Lewin, Antoine and Therrien, Roseline and De Serres, Gaston and Gr{\'e}goire, Yves and Perreault, Jos{\'e}e and Drouin, Mathieu and Fournier, Marie-Jos{\'e}e and Tremblay, Tony and Beaudoin, Julie and Beaudoin-Bussi{\`e}res, Guillaume and others},
  journal={Canadian Journal of Public Health},
  volume={112},
  number={4},
  pages={576--586},
  year={2021},
  publisher={Springer}
}

@article{lewin2022seroprevalence,
  title={Seroprevalence of SARS-CoV-2 antibodies among blood donors in Qu{\'e}bec: an update from a serial cross-sectional study},
  author={Lewin, Antoine and De Serres, Gaston and Gr{\'e}goire, Yves and Perreault, Jos{\'e}e and Drouin, Mathieu and Fournier, Marie-Jos{\'e}e and Tremblay, Tony and Beaudoin, Julie and Boivin, Am{\'e}lie and Goyette, Guillaume and others},
  journal={Canadian Journal of Public Health},
  volume={113},
  number={3},
  pages={385--393},
  year={2022},
  publisher={Springer}
}

@article{meyer2022adjusting,
  title={Adjusting COVID-19 seroprevalence survey results to account for test sensitivity and specificity},
  author={Meyer, Mark J and Yan, Shuting and Schlageter, Samantha and Kraemer, John D and Rosenberg, Eli S and Stoto, Michael A},
  journal={American Journal of Epidemiology},
  volume={191},
  number={4},
  pages={681--688},
  year={2022},
  publisher={Oxford University Press}
}

@article{rosenberg2020cumulative,
  title={Cumulative incidence and diagnosis of SARS-CoV-2 infection in New York},
  author={Rosenberg, Eli S and Tesoriero, James M and Rosenthal, Elizabeth M and Chung, Rakkoo and Barranco, Meredith A and Styer, Linda M and Parker, Monica M and Leung, Shu-Yin John and Morne, Johanne E and Greene, Danielle and others},
  journal={Annals of epidemiology},
  volume={48},
  pages={23--29},
  year={2020},
  publisher={Elsevier}
}

@article{noordin2022sero,
  title={Sero-Prevalence of Covid-19 among workers in Malaysia},
  author={Noordin, Noorliza Mohamad and Omar, Aziyati binti and Isharudin, Ishmah Hana and Idris, Riasah and Mat Sahat, Intan Surianne and Sengol, Selvanesan and Aziz, Zirwatul Adilah and Lim, Zhuo-zhi and Lim, Teck-Onn},
  journal={medRxiv},
  pages={2022--01},
  year={2022},
  publisher={Cold Spring Harbor Laboratory Press}
}

@article{byambasuren2021comparison,
  title={Comparison of seroprevalence of SARS-CoV-2 infections with cumulative and imputed COVID-19 cases: Systematic review},
  author={Byambasuren, Oyungerel and Dobler, Claudia C and Bell, Katy and Rojas, Diana Patricia and Clark, Justin and McLaws, Mary-Louise and Glasziou, Paul},
  journal={PloS one},
  volume={16},
  number={4},
  pages={e0248946},
  year={2021},
  publisher={Public Library of Science San Francisco, CA USA}
}

@article{khafaie2020cross,
  title={Cross-country comparison of case fatality rates of COVID-19/SARS-COV-2},
  author={Khafaie, Morteza Abdullatif and Rahim, Fakher},
  journal={Osong Public Health and Research Perspectives},
  volume={11},
  number={2},
  pages={74},
  year={2020},
  publisher={Korea Centers for Disease Control and Prevention}
}

@article{sethuraman2020interpreting,
  title={Interpreting diagnostic tests for SARS-CoV-2},
  author={Sethuraman, Nandini and Jeremiah, Sundararaj Stanleyraj and Ryo, Akihide},
  journal={Jama},
  volume={323},
  number={22},
  pages={2249--2251},
  year={2020},
  publisher={American Medical Association}
}

@article{choe2021antibody,
  title={Antibody responses 8 months after asymptomatic or mild SARS-CoV-2 infection},
  author={Choe, Pyoeng Gyun and Kim, Kye-Hyung and Kang, Chang Kyung and Suh, Hyeon Jeong and Kang, EunKyo and Lee, Sun Young and Kim, Nam Joong and Yi, Jongyoun and Park, Wan Beom and Oh, Myoung-don},
  journal={Emerging infectious diseases},
  volume={27},
  number={3},
  pages={928},
  year={2021},
  publisher={Centers for Disease Control and Prevention}
}

@article{brazeau2022estimating,
  title={Estimating the COVID-19 infection fatality ratio accounting for seroreversion using statistical modelling},
  author={Brazeau, Nicholas F and Verity, Robert and Jenks, Sara and Fu, Han and Whittaker, Charles and Winskill, Peter and Dorigatti, Ilaria and Walker, Patrick GT and Riley, Steven and Schnekenberg, Ricardo P and others},
  journal={Communications medicine},
  volume={2},
  number={1},
  pages={54},
  year={2022},
  publisher={Nature Publishing Group UK London}
}